@Article{lambdas,
title = {Lambda-S: an implicitly parallel lambda-calculus with recursive bindings, synchronization and side effects },
author = {Maessen Jan-Willem, Stoy Joe, Arvind Nikhil R.S},
journal = { ICFP },
year = {1996},
}
